@Manual{afex,
title = {{afex}: Analysis of Factorial Experiments},
  author = {Henrik Singmann and Ben Bolker and Jake Westfall and Frederik Aust and Mattan S. Ben-Shachar},
  year = {2024},
  note = {R package version 1.4-1},
  url = {https://CRAN.R-project.org/package=afex},
}
@Manual{base,
title = {{R}: A Language and Environment for Statistical Computing},
  author = {{R Core Team}},
  organization = {R Foundation for Statistical Computing},
  address = {Vienna, Austria},
  year = {2024},
  url = {https://www.R-project.org/},
}
@Article{easystats,
title = {{easystats}: Framework for Easy Statistical Modeling, Visualization, and Reporting},
  author = {Daniel Lüdecke and Mattan S. Ben-Shachar and Indrajeet Patil and Brenton M. Wiernik and Etienne Bacher and Rémi Thériault and Dominique Makowski},
  journal = {CRAN},
  doi = {10.32614/CRAN.package.easystats},
  year = {2022},
  note = {R package},
  url = {https://easystats.github.io/easystats/},
}
@Manual{emmeans,
title = {{emmeans}: Estimated Marginal Means, aka Least-Squares Means},
  author = {Russell V. Lenth},
  year = {2025},
  note = {R package version 1.10.7},
  url = {https://CRAN.R-project.org/package=emmeans},
}
@Manual{grateful,
title = {{grateful}: Facilitate citation of R packages},
  author = {Francisco Rodriguez-Sanchez and Connor P. Jackson},
  year = {2023},
  url = {https://pakillo.github.io/grateful/},
}
@Manual{here,
title = {{here}: A Simpler Way to Find Your Files},
  author = {Kirill Müller},
  year = {2020},
  note = {R package version 1.0.1},
  url = {https://CRAN.R-project.org/package=here},
}
@Manual{Hmisc,
title = {{Hmisc}: Harrell Miscellaneous},
  author = {Frank E {Harrell Jr}},
  year = {2025},
  note = {R package version 5.2-2},
  url = {https://CRAN.R-project.org/package=Hmisc},
}
@Manual{kableExtra,
title = {{kableExtra}: Construct Complex Table with `{kable}' and Pipe Syntax},
  author = {Hao Zhu},
  year = {2024},
  note = {R package version 1.4.0},
  url = {https://CRAN.R-project.org/package=kableExtra},
}
@Manual{patchwork,
title = {{patchwork}: The Composer of Plots},
  author = {Thomas Lin Pedersen},
  year = {2024},
  note = {R package version 1.3.0},
  url = {https://CRAN.R-project.org/package=patchwork},
}
@Manual{rcompanion,
  title = {{rcompanion}: Functions to Support Extension Education Program Evaluation},
  author = {Salvatore S. Mangiafico},
  organization = {Rutgers Cooperative Extension},
  address = {New Brunswick, New Jersey},
  note = {version 2.4.36},
  year = {2024},
  url = {https://CRAN.R-project.org/package=rcompanion/},
}
@Manual{renv,
title = {{renv}: Project Environments},
  author = {Kevin Ushey and Hadley Wickham},
  year = {2025},
  note = {R package version 1.1.0},
  url = {https://CRAN.R-project.org/package=renv},
}
@Manual{waffle,
title = {{waffle}: Create Waffle Chart Visualizations},
  author = {Bob Rudis and Dave Gandy},
  year = {2023},
  note = {R package version 1.0.2},
  url = {https://CRAN.R-project.org/package=waffle},
}
@Article{tidyverse,
  title = {Welcome to the {tidyverse}},
  author = {Hadley Wickham and Mara Averick and Jennifer Bryan and Winston Chang and Lucy D'Agostino McGowan and Romain François and Garrett Grolemund and Alex Hayes and Lionel Henry and Jim Hester and Max Kuhn and Thomas Lin Pedersen and Evan Miller and Stephan Milton Bache and Kirill Müller and Jeroen Ooms and David Robinson and Dana Paige Seidel and Vitalie Spinu and Kohske Takahashi and Davis Vaughan and Claus Wilke and Kara Woo and Hiroaki Yutani},
  year = {2019},
  journal = {Journal of Open Source Software},
  volume = {4},
  number = {43},
  pages = {1686},
  doi = {10.21105/joss.01686},
}
